@book{latex,
   author = "Leslie Lamport",
   publisher = "Addison-Wesley",
   title = "{\LaTeX \rm:} {A} Document Preparation System",
   year = "1986"
}
